<collection>
<record>
<leader>06720cpcaa22009977i 4500</leader>
<controlfield tag="001">17868832</controlfield>
<controlfield tag="005">20230405135105.0</controlfield>
<controlfield tag="007">kv c||</controlfield>
<controlfield tag="007">cz c||||||||||</controlfield>
<controlfield tag="008">130828i20052019xx s eng </controlfield>
<datafield ind1=" " ind2=" " tag="906">
<subfield code="a">7</subfield>
<subfield code="b">cbc</subfield>
<subfield code="c">orignew</subfield>
<subfield code="d">u</subfield>
<subfield code="e">ncip</subfield>
<subfield code="f">20</subfield>
<subfield code="g">y-folklife</subfield>
</datafield>
<datafield ind1=" " ind2=" " tag="955">
<subfield code="a">mkru 2013-08-28</subfield>
<subfield code="a">mkru 2015-11-12</subfield>
<subfield code="a">mkru 2016-04-27</subfield>
<subfield code="a">mkru 2017-11-13</subfield>
<subfield code="a">mkru 2018-10-25</subfield>
<subfield code="a">ahoo 2019-07-17</subfield>
<subfield code="a">masmit 2019-10-28</subfield>
<subfield code="a">kere 2019-11-29</subfield>
<subfield code="a">masmit 2020-01-31</subfield>
<subfield code="a">masmit 2020-05-28</subfield>
<subfield code="a">masmit 2020-12-14</subfield>
<subfield code="a">chos 2023-04-04</subfield>
<subfield code="a">fcundiff 2023-04-04</subfield>
<subfield code="a">masmit 2023-04-05</subfield>
<subfield code="a">chos 2023-04-05</subfield>
</datafield>
<datafield ind1=" " ind2=" " tag="010">
<subfield code="a"> 2013655444</subfield>
</datafield>
<datafield ind1=" " ind2=" " tag="040">
<subfield code="a">DLC</subfield>
<subfield code="c">DLC</subfield>
<subfield code="e">dacs</subfield>
<subfield code="d">DLC</subfield>
<subfield code="d">DLC</subfield>
</datafield>
<datafield ind1=" " ind2=" " tag="043">
<subfield code="a">n-us-me</subfield>
<subfield code="a">n-us-ri</subfield>
<subfield code="a">n-us-ct</subfield>
</datafield>
<datafield ind1=" " ind2=" " tag="090">
<subfield code="a">AFC 2013/031</subfield>
</datafield>
<datafield ind1="0" ind2="0" tag="245">
<subfield code="a">Markham Starr collection,</subfield>
<subfield code="f">2005-2019.</subfield>
</datafield>
<datafield ind1=" " ind2=" " tag="300">
<subfield code="3">whole collection</subfield>
<subfield code="a">1751</subfield>
<subfield code="f">items</subfield>
</datafield>
<datafield ind1=" " ind2=" " tag="300">
<subfield code="3">manuscripts</subfield>
<subfield code="a">18 documents :</subfield>
<subfield code="b">digital, pdf, doc, xlsx, txt</subfield>
</datafield>
<datafield ind1=" " ind2=" " tag="300">
<subfield code="3">graphic materials</subfield>
<subfield code="a">1665 photographs :</subfield>
<subfield code="b">digital, tiff, jpg, black-and-white</subfield>
</datafield>
<datafield ind1=" " ind2=" " tag="300">
<subfield code="3">sound recordings</subfield>
<subfield code="a">8 audio files :</subfield>
<subfield code="b">digital, wav</subfield>
</datafield>
<datafield ind1=" " ind2=" " tag="300">
<subfield code="3">moving images</subfield>
<subfield code="a">56 video files :</subfield>
<subfield code="b">digital, mov, mp4, m2t, m2ts, avi</subfield>
</datafield>
<datafield ind1=" " ind2=" " tag="300">
<subfield code="3">monographs</subfield>
<subfield code="a">4</subfield>
<subfield code="f">volumes</subfield>
</datafield>
<datafield ind1="2" ind2=" " tag="520">
<subfield code="a">
Collection of 1747 digital files of graphic, moving image, sound recording, and manuscript format documentary works created by Markham Starr, and 4 of Starr's print monographs. Starr is a documentary photographer, writer, and filmmaker active in the northeastern United States. The collection primarily documents northeastern fishermen and the fishing industry. Some records also document farming and dairy production. A majority of the works are part of larger themed documentary projects, and others are independent works. The works often focus in particular on individuals and businesses experiencing change due to industrialization, technological advancements, globalization, or government regulation. Many of the moving image, sound recording, and manuscript works feature interviewees' first-person narratives. Some of the works are also collected and published in Starr's books.
</subfield>
</datafield>
<datafield ind1="0" ind2=" " tag="511">
<subfield code="a">
Includes interviews with or narrations by Alan Wheeler, Andy Mannix, Cory Wheeler, George Mendosa, James Main, Joe Whaley, Luke Wheeler, Tom Hoxsie, Mike Marchetti, Pete Hanson, Charlie Brayton, Mark Sweitzer, Adam Morse, David Gallop, Jay Callup, Ian Campbell, Wayne Gaumond, Dean Pesante, Rich Lodge, Jenn Fish, Andrea Incollingo, Martha Blackett, Joan Booth, Rodman Sykes, Stesha Campbell, and Clark Woodmansee.
</subfield>
</datafield>
<datafield ind1="8" ind2=" " tag="524">
<subfield code="a">
Markham Starr collection (AFC 2013/031), Archive of Folk Culture, American Folklife Center, Library of Congress, Washington, D.C.
</subfield>
</datafield>
<datafield ind1="0" ind2=" " tag="506">
<subfield code="a">
Collection is open for research. To request materials, please contact the Folklife Reading Room at
</subfield>
<subfield code="u">http://hdl.loc.gov/loc.afc/folklife.contact</subfield>
</datafield>
<datafield ind1=" " ind2=" " tag="540">
<subfield code="a">
Duplication of collection materials may be governed by copyright and other restrictions.
</subfield>
</datafield>
<datafield ind1=" " ind2=" " tag="541">
<subfield code="a">Markham Starr;</subfield>
<subfield code="c">Donation;</subfield>
<subfield code="d">2013, 2015, 2018, 2019.</subfield>
</datafield>
<datafield ind1=" " ind2=" " tag="545">
<subfield code="a">
Markham Starr, photographer and videographer, North Stonington, Connecticut.
</subfield>
</datafield>
<datafield ind1=" " ind2=" " tag="546">
<subfield code="a">Inventory in English.</subfield>
</datafield>
<datafield ind1="0" ind2=" " tag="555">
<subfield code="a">Finding aid is available online</subfield>
<subfield code="u">https://hdl.loc.gov/loc.afc/eadafc.af020009</subfield>
</datafield>
<datafield ind1=" " ind2=" " tag="581">
<subfield code="a">
Selections from the Stinson Cannery photographs were published in: Starr, Markham. End of the line : closing the last sardine cannery in America (Middletown, Conn. : Wesleyan University Press, c2013)
</subfield>
</datafield>
<datafield ind1=" " ind2=" " tag="581">
<subfield code="a">
Selections from the Corea, Maine, photographs were published in: Starr, Markham. Finest kind : the lobstermen of Corea, portrait of a down east fishing village (North Stonington, Conn.: Fowler Road Press, 2011)
</subfield>
</datafield>
<datafield ind1="2" ind2="0" tag="610">
<subfield code="a">United States Coast Guard Academy</subfield>
<subfield code="x">Pictorial works.</subfield>
</datafield>
<datafield ind1="2" ind2="0" tag="610">
<subfield code="a">Stinson Seafood</subfield>
<subfield code="v">Photographs.</subfield>
</datafield>
<datafield ind1=" " ind2="0" tag="650">
<subfield code="a">Cannery workers</subfield>
<subfield code="z">Maine</subfield>
<subfield code="v">Photographs.</subfield>
</datafield>
<datafield ind1=" " ind2="0" tag="650">
<subfield code="a">Fish canneries</subfield>
<subfield code="z">Maine</subfield>
<subfield code="v">Photographs.</subfield>
</datafield>
<datafield ind1=" " ind2="0" tag="650">
<subfield code="a">Canned sardines</subfield>
<subfield code="z">Maine</subfield>
<subfield code="v">Photographs.</subfield>
</datafield>
<datafield ind1=" " ind2="0" tag="650">
<subfield code="a">Canned fish industry</subfield>
<subfield code="z">Maine</subfield>
<subfield code="v">Photographs.</subfield>
</datafield>
<datafield ind1=" " ind2="0" tag="650">
<subfield code="a">Lobster fishers</subfield>
<subfield code="z">Rhode Island</subfield>
<subfield code="v">Video recordings.</subfield>
</datafield>
<datafield ind1=" " ind2="0" tag="650">
<subfield code="a">Lobster fishers</subfield>
<subfield code="z">Maine</subfield>
<subfield code="v">Photographs.</subfield>
</datafield>
<datafield ind1=" " ind2="0" tag="650">
<subfield code="a">Lobster industry</subfield>
<subfield code="z">Maine</subfield>
<subfield code="v">Photographs.</subfield>
</datafield>
<datafield ind1=" " ind2="0" tag="650">
<subfield code="a">Fishing boats</subfield>
<subfield code="z">Rhode Island</subfield>
<subfield code="v">Video recordings.</subfield>
</datafield>
<datafield ind1=" " ind2="0" tag="650">
<subfield code="a">Fishing boats</subfield>
<subfield code="z">Maine</subfield>
<subfield code="v">Photographs.</subfield>
</datafield>
<datafield ind1=" " ind2="0" tag="650">
<subfield code="a">Fishers</subfield>
<subfield code="z">Rhode Island</subfield>
<subfield code="x">Pictorial works.</subfield>
</datafield>
<datafield ind1=" " ind2="0" tag="650">
<subfield code="a">Fish trapping</subfield>
<subfield code="z">Rhode Island</subfield>
<subfield code="x">Video recordings.</subfield>
</datafield>
<datafield ind1=" " ind2="0" tag="650">
<subfield code="a">Fish trapping</subfield>
<subfield code="z">Rhode Island</subfield>
<subfield code="x">Pictorial works.</subfield>
</datafield>
<datafield ind1=" " ind2="0" tag="650">
<subfield code="a">Fishing</subfield>
<subfield code="z">Rhode Island</subfield>
<subfield code="x">Pictorial works.</subfield>
</datafield>
<datafield ind1=" " ind2="0" tag="650">
<subfield code="a">Fishing ports</subfield>
<subfield code="z">Rhode Island</subfield>
<subfield code="x">Video recordings.</subfield>
</datafield>
<datafield ind1=" " ind2="0" tag="650">
<subfield code="a">Scallop industry</subfield>
<subfield code="z">Rhode Island</subfield>
<subfield code="x">Video recordings.</subfield>
</datafield>
<datafield ind1=" " ind2="0" tag="650">
<subfield code="a">Machinists</subfield>
<subfield code="z">Rhode Island</subfield>
<subfield code="x">Video recordings.</subfield>
</datafield>
<datafield ind1=" " ind2="0" tag="650">
<subfield code="a">Fishmongers</subfield>
<subfield code="z">Rhode Island</subfield>
<subfield code="x">Video recordings.</subfield>
</datafield>
<datafield ind1=" " ind2="0" tag="650">
<subfield code="a">Oystering</subfield>
<subfield code="z">Rhode Island</subfield>
<subfield code="x">Video recordings.</subfield>
</datafield>
<datafield ind1=" " ind2="0" tag="650">
<subfield code="a">Gillnetting</subfield>
<subfield code="z">Rhode Island</subfield>
<subfield code="x">Video recordings.</subfield>
</datafield>
<datafield ind1=" " ind2="0" tag="650">
<subfield code="a">Fisheries</subfield>
<subfield code="z">Rhode Island</subfield>
<subfield code="x">Video recordings.</subfield>
</datafield>
<datafield ind1=" " ind2="0" tag="650">
<subfield code="a">Scallop industry</subfield>
<subfield code="z">Rhode Island</subfield>
<subfield code="x">Video recordings.</subfield>
</datafield>
<datafield ind1=" " ind2="0" tag="650">
<subfield code="a">Fishing baits</subfield>
<subfield code="z">Rhode Island</subfield>
<subfield code="x">Video recordings.</subfield>
</datafield>
<datafield ind1=" " ind2="0" tag="650">
<subfield code="a">Dairy farms</subfield>
<subfield code="z">Connecticut</subfield>
<subfield code="x">Video recordings.</subfield>
</datafield>
<datafield ind1=" " ind2="0" tag="650">
<subfield code="a">Dairy farms</subfield>
<subfield code="z">Connecticut</subfield>
<subfield code="z">North Stonington</subfield>
<subfield code="x">Pictorial works.</subfield>
</datafield>
<datafield ind1=" " ind2="0" tag="650">
<subfield code="a">Documentary films.</subfield>
</datafield>
<datafield ind1=" " ind2="0" tag="650">
<subfield code="a">Documentary photography.</subfield>
</datafield>
<datafield ind1=" " ind2="7" tag="650">
<subfield code="a">Occupational folklore</subfield>
<subfield code="z">New England.</subfield>
<subfield code="2">afset</subfield>
</datafield>
<datafield ind1=" " ind2="0" tag="651">
<subfield code="a">Block Island (R.I. : Island)</subfield>
</datafield>
<datafield ind1=" " ind2="0" tag="651">
<subfield code="a">Corea (Me.)</subfield>
</datafield>
<datafield ind1=" " ind2="0" tag="651">
<subfield code="a">Hancock County (Me.)</subfield>
</datafield>
<datafield ind1=" " ind2="0" tag="651">
<subfield code="a">North Stonington (Conn.)</subfield>
</datafield>
<datafield ind1=" " ind2="0" tag="651">
<subfield code="a">Point Judith (R.I.)</subfield>
</datafield>
<datafield ind1=" " ind2="0" tag="651">
<subfield code="a">Preston (Conn.)</subfield>
</datafield>
<datafield ind1=" " ind2="0" tag="651">
<subfield code="a">Rhode Island.</subfield>
</datafield>
<datafield ind1=" " ind2="0" tag="655">
<subfield code="a">Interviews.</subfield>
</datafield>
<datafield ind1=" " ind2="0" tag="655">
<subfield code="a">Video recordings.</subfield>
</datafield>
<datafield ind1=" " ind2="7" tag="655">
<subfield code="a">Digital photographs</subfield>
<subfield code="y">2000-2010.</subfield>
<subfield code="2">gmgpc</subfield>
</datafield>
<datafield ind1=" " ind2="7" tag="655">
<subfield code="a">Portrait photographs</subfield>
<subfield code="y">2000-2010.</subfield>
<subfield code="2">gmgpc</subfield>
</datafield>
<datafield ind1="1" ind2=" " tag="700">
<subfield code="a">Starr, Markham,</subfield>
<subfield code="e">collector.</subfield>
</datafield>
<datafield ind1="1" ind2="2" tag="700">
<subfield code="a">Starr, Markham.</subfield>
<subfield code="t">
Against the tide : the commercial fishermen of Point Judith.
</subfield>
<subfield code="f">2009.</subfield>
</datafield>
<datafield ind1="1" ind2="2" tag="700">
<subfield code="a">Starr, Markham.</subfield>
<subfield code="t">
Down on the farm : the last dairy farms of North Stonington.
</subfield>
<subfield code="f">2010.</subfield>
</datafield>
<datafield ind1="1" ind2="2" tag="700">
<subfield code="a">Starr, Markham.</subfield>
<subfield code="t">
Finest kind : the lobstermen of Corea, portrait of a down east fishing village.
</subfield>
<subfield code="f">2011.</subfield>
</datafield>
<datafield ind1="1" ind2="2" tag="700">
<subfield code="a">Starr, Markham.</subfield>
<subfield code="t">
In history's wake : the last trap fishermen of Rhode Island.
</subfield>
<subfield code="f">2010.</subfield>
</datafield>
<datafield ind1="1" ind2="2" tag="700">
<subfield code="a">Starr, Markham.</subfield>
<subfield code="t">
Swab summer : transformation at the United States Coast Guard Academy.
</subfield>
<subfield code="f">2013.</subfield>
</datafield>
<datafield ind1="0" ind2="2" tag="740">
<subfield code="a">
Voices From The Waterfront : Portrait of the New Bedford Fishing Industry.
</subfield>
</datafield>
<datafield ind1="0" ind2="2" tag="740">
<subfield code="a">Scallop Fishing on the MISTER G.</subfield>
</datafield>
<datafield ind1=" " ind2=" " tag="852">
<subfield code="a">Library of Congress</subfield>
<subfield code="b">Archive of Folk Culture, American Folklife Center,</subfield>
<subfield code="e">
101 Independence Ave. S.E., Washington, DC USA 20540-4610
</subfield>
<subfield code="u">http://hdl.loc.gov/loc.afc/folklife.home</subfield>
</datafield>
<datafield ind1="4" ind2="2" tag="856">
<subfield code="3">Finding aid</subfield>
<subfield code="u">https://hdl.loc.gov/loc.afc/eadafc.af020009</subfield>
</datafield>
<datafield ind1=" " ind2=" " tag="985">
<subfield code="a">afc/coll</subfield>
</datafield>
<datafield ind1=" " ind2=" " tag="985">
<subfield code="a">afc/ead</subfield>
</datafield>
</record>
</collection>